@String{abbrev:JCP = {J. Chem. Phys.}}
@String{abbrev:TCA = {Theor. Chem. Acc.}}
@String{abbrev:JCC = {J. Comput. Chem.}}
@String{abbrev:MP  = {Mol. Phys.}}
@String{abbrev:ACR = {Acc. Chem. Res.}}
@String{abbrev:CPL = {Chem. Phys. Lett.}}
@String{abbrev:TCA = {Theor. Chim. Acta}}
@String{abbrev:JMS = {J. Mol. Spectrosc.}}
@String{abbrev:JPC = {J. Chem. Phys.}}
@String{abbrev:JPCA= {J. Chem. Phys. A}}
@String{abbrev:JPCB= {J. Chem. Phys. B}}
@String{abbrev:JPCC= {J. Chem. Phys. C}}
@String{abbrev:JPCL= {J. Chem. Phys. Lett.}}
@String{abbrev:JCTC= {J. Chem. Theory Comput.}}
@String{abbrev:IJCC = {Int. J. Quantum Chem.}}
@String{abbrev:PCCP= {Phys. Chem. Chem. Phys.}}
@String{abbrev:JACS= {J. Am. Chem. Soc.}}
@String{abbrev:ANGW= {Angew. Chem., Int. Ed.}}
@String{abbrev:PNAS= {Proc. Natl. Acad. Sci. U. S. A.}}
@String{abbrev:BJ  = {Biophys. J.}}
@String{abbrev:VS  = {Vib. Spectrosc.}}
@String{abbrev:JMS = {J. Mol. Struct.}}
@String{abbrev:JMST= {J. Mol. Struct.: THEOCHEM}}
@String{abbrev:AC  = {Anal. Chem.}}
@String{abbrev:JdPlR     = {J. Phys. Radium}}
@String{abbrev:PhysRev   = {Phys. Rev.}}
@String{abbrev:ChemRev   = {Chem. Rev.}}
@String{abbrev:AnnuRevPC = {Annu. Rev. Phys. Chem.}}
@String{abbrev:SCActaA   = {Spectrochim. Acta, Part A}}
@String{abbrev:CoordChemRev = {Coord. Chem. Rev.}}
@String{abbrev:WIRevCMS     = {Wiley Interdiscip. Rev.: Comput. Mol. Sci.}}
@String{abbrev:ProcRSocLondonA = {Proc. R. Soc. London, Ser. A}}
@String{abbrev:TransFaradaySoc = {Trans. Faraday Soc.}}
