@String{abbrev:JCP = {The Journal of Chemical Physics}}
@String{abbrev:TCA = {Theoretical Chemistry Accounts}}
@String{abbrev:JCC = {Journal of Computational Chemistry}}
@String{abbrev:MP  = {Molecular Physics}}
@String{abbrev:ACR = {Accounts of Chemical Research}}
@String{abbrev:CPL = {Chemical Physics Letters}}
@String{abbrev:TCA = {Theoretica Chimica Acta}}
@String{abbrev:JMS = {Journal of Molecular Spectroscopy}}
@String{abbrev:JPC = {The Journal of Physical Chemistry}}
@String{abbrev:JPCA= {The Journal of Physical Chemistry A}}
@String{abbrev:JPCB= {The Journal of Physical Chemistry B}}
@String{abbrev:JPCC= {The Journal of Physical Chemistry C}}
@String{abbrev:JPCL= {The Journal of Physical Chemistry Letters}}
@String{abbrev:JCTC= {Journal of Chemical Theory and Computation}}
@String{abbrev:IJCC= {International Journal of Quantum Chemistry}}
@String{abbrev:PCCP= {Physical Chemistry Chemical Physics}}
@String{abbrev:JACS= {Proceedings of the National Academy of Sciences of the United States of America}}
@String{abbrev:ANGW= {Angewandte Chemie, International Edition}}
@String{abbrev:PNAS= {Proc. Natl. Acad. Sci. U. S. A.}}
@String{abbrev:BJ  = {Biophysical Journal}}
@String{abbrev:VS  = {Vibrational Spectroscopy}}
@String{abbrev:JMS = {Journal of Molecular Structure}}
@String{abbrev:JMST= {Journal of Molecular Structure: THEOCHEM}}
@String{abbrev:AC  = {Analytical Chemistry}}
@String{abbrev:JdPlR     = {Journal de Physique et le Radium}}
@String{abbrev:PhysRev   = {Physical Review}}
@String{abbrev:ChemRev   = {Chemical Reviews}}
@String{abbrev:AnnuRevPC = {Annual Review of Physical Chemistry}}
@String{abbrev:SCActaA   = {Spectrochimica Acta, Part A: Molecular and Biomolecular Spectroscopy}}
@String{abbrev:CoordChemRev = {Coordination Chemistry Reviews}}
@String{abbrev:WIRevCMS     = {Wiley Interdisciplinary Reviews: Computational Molecular Science}}
@String{abbrev:ProcRSocLondonA = {Proceedings of the Royal Society of London, Series A: Mathematical, Physical and Engineering Sciences}}
@String{abbrev:TransFaradaySoc = {Transactions of the Faraday Society}}
